<?xml version="1.0" encoding="UTF-8"?>
<collection xmlns="http://www.loc.gov/MARC21/slim">
 <record>
  <leader>04364nam a2200385Ii 4500</leader>
  <controlfield tag="001">10350647</controlfield>
  <controlfield tag="003">OLE</controlfield>
  <controlfield tag="005">20150828113658.0</controlfield>
  <controlfield tag="006">m     |  d        </controlfield>
  <controlfield tag="007">cr |||||||||||</controlfield>
  <controlfield tag="008">150828t20152015iluab   ob    100 0 eng d</controlfield>
  <datafield tag="020" ind1=" " ind2=" ">
   <subfield code="a">9781614910237</subfield>
  </datafield>
  <datafield tag="020" ind1=" " ind2=" ">
   <subfield code="a">1614910235</subfield>
  </datafield>
  <datafield tag="035" ind1=" " ind2=" ">
   <subfield code="a">(OCoLC)919318113</subfield>
  </datafield>
  <datafield tag="040" ind1=" " ind2=" ">
   <subfield code="a">CGU</subfield>
   <subfield code="b">eng</subfield>
   <subfield code="e">rda</subfield>
   <subfield code="e">pn</subfield>
   <subfield code="c">CGU</subfield>
  </datafield>
  <datafield tag="049" ind1=" " ind2=" ">
   <subfield code="a">CGUA</subfield>
  </datafield>
  <datafield tag="090" ind1=" " ind2=" ">
   <subfield code="a">CC77.H68</subfield>
   <subfield code="b">O754 2015</subfield>
  </datafield>
  <datafield tag="111" ind1="2" ind2=" ">
   <subfield code="a">Oriental Institute Seminar Household Studies in Complex Societies</subfield>
   <subfield code="d">(2013 :</subfield>
   <subfield code="c">University of Chicago)</subfield>
  </datafield>
  <datafield tag="245" ind1="1" ind2="0">
   <subfield code="a">Household studies in complex societies :</subfield>
   <subfield code="b">(micro) archaeological and textual approaches : papers from the Oriental Institute Seminar Household Studies in Complex Societies, held at the Oriental Institute of the University of Chicago, 15-16 March 2013 /</subfield>
   <subfield code="c">edited by Miriam Müller ; with contributions by Felix Arnold [and 19 others].</subfield>
  </datafield>
  <datafield tag="264" ind1=" " ind2="1">
   <subfield code="a">Chicago, Illinois :</subfield>
   <subfield code="b">The Oriental Institute of the University of Chicago,</subfield>
   <subfield code="c">[2015]</subfield>
  </datafield>
  <datafield tag="264" ind1=" " ind2="4">
   <subfield code="c">©2015</subfield>
  </datafield>
  <datafield tag="300" ind1=" " ind2=" ">
   <subfield code="a">1 online resource (xlii, 470 pages) :</subfield>
   <subfield code="b">illustrations (some color), maps (some color), plans (some color)</subfield>
  </datafield>
  <datafield tag="336" ind1=" " ind2=" ">
   <subfield code="a">text</subfield>
   <subfield code="b">txt</subfield>
   <subfield code="2">rdacontent</subfield>
  </datafield>
  <datafield tag="337" ind1=" " ind2=" ">
   <subfield code="a">computer</subfield>
   <subfield code="b">c</subfield>
   <subfield code="2">rdamedia</subfield>
  </datafield>
  <datafield tag="338" ind1=" " ind2=" ">
   <subfield code="a">online resource</subfield>
   <subfield code="b">cr</subfield>
   <subfield code="2">rdacarrier</subfield>
  </datafield>
  <datafield tag="490" ind1="1" ind2=" ">
   <subfield code="a">Oriental Institute seminars,</subfield>
   <subfield code="x">1559-2944 ;</subfield>
   <subfield code="v">number 10</subfield>
  </datafield>
  <datafield tag="504" ind1=" " ind2=" ">
   <subfield code="a">Includes bibliographical references.</subfield>
  </datafield>
  <datafield tag="505" ind1="0" ind2=" ">
   <subfield code="a">Introduction : household studies in complex societies : (micro)archaeological and textual approaches / Miriam Müller -- Investigating traces of everyday life in ancient households : some methodological considerations / Lynn Rainville -- Activity-area analysis : a comprehensive theoretical model / Peter Pfälzner -- How to reconstruct daily life in a Near Eastern settlement : possibilities and constraints of a combined archaeological, historical, and scientific approach / Adelheid Otto -- Ancient Egyptian houses and households : architecture, artifacts, conceptualization, and interpretation / Kate Spence -- Artifact assemblages in classical Greek domestic contexts : toward a new approach / Lisa C. Nevett -- Interaction between texts and social space in Mesopotamian houses : a movement and sensory approach / Paolo Brusasco -- Clean and unclean space : domestic waste management at Elephantine / Felix Arnold -- Creating a neighborhood within a changing town : household and other agencies at Amara West in Nubia / Neal Spencer -- Crucial contexts : a closer reading of the household of the Casa del Menandro at Pompeii / Jens-Arne Dickmann -- Private house or temple? : decoding patterns of the old Babylonian architecture / Peter A. Miglus -- Hybrid households : institutional affiliations and household identity in the town of Wah-sut (South Abydos) / Nicholas Picardo -- Living in households, constructing identities : ethnicity, boundaries, and empire in Iron II Tell en-Nasbeh / Aaron J. Brody -- Micro-archaeological perspectives on the Philistine household throughout the Iron Age and their implications / Aren M. Maeir -- Property title, domestic architecture, and household lifecycles in Egypt / Brian P. Muhs -- Late Middle Kingdom society in a neighborhood of Tell el-Dabʻa/Avaris / Miriam Müller -- Family structure, household cycle, and the social use of domestic space in urban Babylonia / Heather D. Baker -- Reconstructing houses and archives in early Islamic Jēme / Tasha Vorderstrasse -- Social conditions in the ancient Near East : houses and households in perspective / Elizabeth C. Stone -- Multifunctionality and hybrid households : the case of ancient Egypt / Nadine Moeller -- A Mesoamerican perspective on Old World household studies in complex societies / Cynthia Robin.</subfield>
  </datafield>
  <datafield tag="650" ind1=" " ind2="0">
   <subfield code="a">Household archaeology</subfield>
   <subfield code="v">Congresses.</subfield>
  </datafield>
  <datafield tag="650" ind1=" " ind2="7">
   <subfield code="a">Household archaeology.</subfield>
   <subfield code="2">fast</subfield>
   <subfield code="0">http://id.worldcat.org/fast/fst01894058</subfield>
  </datafield>
  <datafield tag="655" ind1=" " ind2="7">
   <subfield code="a">Conference papers and proceedings.</subfield>
   <subfield code="2">fast</subfield>
   <subfield code="0">http://id.worldcat.org/fast/fst01423772</subfield>
  </datafield>
  <datafield tag="700" ind1="1" ind2=" ">
   <subfield code="a">Müller, Miriam,</subfield>
   <subfield code="e">editor.</subfield>
  </datafield>
  <datafield tag="830" ind1=" " ind2="0">
   <subfield code="a">University of Chicago Oriental Institute seminars ;</subfield>
   <subfield code="v">no. 10.</subfield>
  </datafield>
  <datafield tag="856" ind1="4" ind2="0">
   <subfield code="u">http://bibpurl.oclc.org/web/74487</subfield>
   <subfield code="u">http://oi.uchicago.edu/research/publications/ois/ois-10-household-archaeology-complex-societies</subfield>
  </datafield>
  <datafield tag="928" ind1=" " ind2=" ">
   <subfield code="u">http://bibpurl.oclc.org/web/74487</subfield>
   <subfield code="u">http://oi.uchicago.edu/research/publications/ois/ois-10-household-archaeology-complex-societies</subfield>
   <subfield code="c">FullText</subfield>
   <subfield code="l">Online</subfield>
   <subfield code="t">LCC</subfield>
   <subfield code="a">CC77.H68O754 2015</subfield>
  </datafield>
 </record>
</collection>
